
@report{AbowdVilhuber_NQWIDATA,
 title={Replication data for: National estimates of gross employment and job flows from the Quarterly Workforce Indicators with demographic and industry detail},
 url={http://dx.doi.org/10.7910/DVN/27923},
 DOI={10.7910/DVN/27923},
 publisher={Labor Dynamics Institute},
 type={data},
 author={Abowd, John M. and Vilhuber, Lars},
 year={2014}}
